<collection xmlns="http://www.loc.gov/MARC21/slim"><record><leader>01084nam  2200325   450</leader><controlfield tag="001">926</controlfield><controlfield tag="003">http://montalegre.opacnet.com/OPAC/default.aspx?ContentAreaControl=ShowRegHoldings.ascx&amp;RegNo=16662</controlfield><datafield tag="021" ind1=" " ind2=" "><subfield code="a">PT</subfield><subfield code="b">26681/89</subfield></datafield><datafield tag="095" ind1=" " ind2=" "><subfield code="a">PTBN00192878</subfield></datafield><datafield tag="100" ind1=" " ind2=" "><subfield code="a">19890911g19899999m  y0pory010305  ba</subfield></datafield><datafield tag="101" ind1="1" ind2=" "><subfield code="a">por</subfield><subfield code="c">eng</subfield></datafield><datafield tag="102" ind1=" " ind2=" "><subfield code="a">PT</subfield></datafield><datafield tag="105" ind1=" " ind2=" "><subfield code="a">y   z   000ay</subfield></datafield><datafield tag="106" ind1=" " ind2=" "><subfield code="a">r</subfield></datafield><datafield tag="200" ind1="1" ind2=" "><subfield code="a">Acasos de guerra</subfield><subfield code="f">Olivia Manning</subfield><subfield code="g">trad. Daniel Gonçalves</subfield></datafield><datafield tag="210" ind1=" " ind2=" "><subfield code="a">Lisboa</subfield><subfield code="c">Quetzal</subfield><subfield code="d">D.L. 1989-</subfield></datafield><datafield tag="215" ind1=" " ind2=" "><subfield code="a">v.</subfield><subfield code="d">23 cm</subfield></datafield><datafield tag="225" ind1="2" ind2=" "><subfield code="a">Serpente emplumada</subfield></datafield><datafield tag="304" ind1=" " ind2=" "><subfield code="a">Tít. orig.: Fortunes of war</subfield></datafield><datafield tag="304" ind1=" " ind2=" "><subfield code="a">Tít. da capa do 1º v.: A maior das fortunas</subfield></datafield><datafield tag="327" ind1="0" ind2=" "><subfield code="a">[1º v.]: A trilogia balcânica. A grande fortuna. - 358, [1] p.</subfield></datafield><datafield tag="512" ind1="1" ind2=" "><subfield code="a">&lt;A &gt;maior das fortunas</subfield></datafield><datafield tag="518" ind1="1" ind2=" "><subfield code="a">&lt;A &gt;trilogia balcânica</subfield></datafield><datafield tag="518" ind1="1" ind2=" "><subfield code="a">&lt;A &gt;grande fortuna</subfield></datafield><datafield tag="518" ind1="1" ind2=" "><subfield code="a">Amigos e heróis</subfield></datafield><datafield tag="675" ind1=" " ind2=" "><subfield code="a">821.111(73)-31"19"</subfield><subfield code="v">BN</subfield><subfield code="z">por</subfield></datafield><datafield tag="700" ind1=" " ind2="1"><subfield code="a">Manning</subfield><subfield code="b">Olivia</subfield><subfield code="f">1908-1980</subfield></datafield><datafield tag="702" ind1=" " ind2="1"><subfield code="a">Gonçalves</subfield><subfield code="b">Daniel</subfield><subfield code="f">1921-</subfield><subfield code="4">730</subfield></datafield><datafield tag="801" ind1=" " ind2="0"><subfield code="a">PT</subfield><subfield code="b">Biblioteca Municipal de Montalegre</subfield><subfield code="g">RPC</subfield></datafield><datafield tag="856" ind1=" " ind2=" "><subfield code="u">locateMedia.asp?cod=20060629170723&amp;ext=jpg</subfield><subfield code="z">CAPA</subfield></datafield><datafield tag="909" ind1="&#9;" ind2=" "><subfield code="a">1</subfield></datafield><datafield tag="966" ind1=" " ind2=" "><subfield code="a">0009087</subfield><subfield code="l">BMM</subfield><subfield code="s">SCG 821 MAN mai</subfield></datafield></record></collection>